{
  "leader": "02908cas a2200613 i 4500",
  "fields": [
    {
      "001": "ocm04098788\\"
    },
    {
      "003": "OCoLC"
    },
    {
      "005": "20211119095648.0"
    },
    {
      "008": "780801d19791991ilubr\\p\\\\\\n\\\\\\0\\\\\\a0eng\\c"
    },
    {
      "010": {
        "ind1": "\\",
        "ind2": "\\",
        "subfields": [
          {
            "a": "   79643237 "
          },
          {
            "z": "sn 79001815 "
          }
        ]
      }
    },
    {
      "040": {
        "ind1": "\\",
        "ind2": "\\",
        "subfields": [
          {
            "a": "NSD"
          },
          {
            "b": "eng"
          },
          {
            "c": "NSD"
          },
          {
            "d": "NOH"
          },
          {
            "d": "DLC"
          },
          {
            "d": "OCL"
          },
          {
            "d": "DLC"
          },
          {
            "d": "OCL"
          },
          {
            "d": "NSD"
          },
          {
            "d": "NST"
          },
          {
            "d": "SER"
          },
          {
            "d": "RCS"
          },
          {
            "d": "OCL"
          },
          {
            "d": "AIP"
          },
          {
            "d": "NST"
          },
          {
            "d": "AIP"
          },
          {
            "d": "NST"
          },
          {
            "d": "NSD"
          },
          {
            "d": "NST"
          },
          {
            "d": "NSD"
          },
          {
            "d": "CAS"
          },
          {
            "d": "WAU"
          },
          {
            "d": "EYM"
          },
          {
            "d": "HUL"
          },
          {
            "d": "DLC"
          },
          {
            "d": "IUL"
          },
          {
            "d": "BSS"
          },
          {
            "d": "NST"
          },
          {
            "d": "NLM"
          },
          {
            "d": "OCLCQ"
          },
          {
            "d": "LVB"
          },
          {
            "d": "OCLCQ"
          },
          {
            "d": "UKMGB"
          },
          {
            "d": "OCLCF"
          },
          {
            "d": "OCLCO"
          },
          {
            "d": "EUW"
          },
          {
            "d": "OCLCO"
          },
          {
            "d": "IUL"
          },
          {
            "d": "OCLCQ"
          },
          {
            "d": "OCLCO"
          },
          {
            "d": "CASUM"
          },
          {
            "d": "OCLCO"
          },
          {
            "d": "OCLCA"
          },
          {
            "d": "GILDS"
          },
          {
            "d": "L2U"
          },
          {
            "d": "OCLCO"
          },
          {
            "d": "OCLCA"
          }
        ]
      }
    },
    {
      "012": {
        "ind1": "\\",
        "ind2": "\\",
        "subfields": [
          {
            "a": "2"
          },
          {
            "b": "3"
          },
          {
            "j": "0"
          },
          {
            "m": "d"
          }
        ]
      }
    },
    {
      "016": {
        "ind1": "7",
        "ind2": "\\",
        "subfields": [
          {
            "a": "7905878"
          },
          {
            "2": "DNLM"
          }
        ]
      }
    },
    {
      "016": {
        "ind1": "7",
        "ind2": "\\",
        "subfields": [
          {
            "a": "R29090000"
          },
          {
            "2": "DNLM"
          }
        ]
      }
    },
    {
      "016": {
        "ind1": "7",
        "ind2": "\\",
        "subfields": [
          {
            "a": "010194408"
          },
          {
            "2": "Uk"
          }
        ]
      }
    },
    {
      "019": {
        "ind1": "\\",
        "ind2": "\\",
        "subfields": [
          {
            "a": "643569050"
          },
          {
            "a": "647372717"
          },
          {
            "a": "1011987444"
          },
          {
            "a": "1063575941"
          },
          {
            "a": "1179456905"
          },
          {
            "a": "1184225364"
          }
        ]
      }
    },
    {
      "022": {
        "ind1": "0",
        "ind2": "\\",
        "subfields": [
          {
            "a": "0162-0886"
          },
          {
            "l": "0162-0886"
          },
          {
            "2": "1"
          }
        ]
      }
    },
    {
      "030": {
        "ind1": "\\",
        "ind2": "\\",
        "subfields": [
          {
            "a": "RINDDG"
          },
          {
            "z": "RIDIAQ"
          }
        ]
      }
    },
    {
      "035": {
        "ind1": "\\",
        "ind2": "\\",
        "subfields": [
          {
            "a": "(OCoLC)4098788"
          },
          {
            "z": "(OCoLC)643569050"
          },
          {
            "z": "(OCoLC)647372717"
          },
          {
            "z": "(OCoLC)1011987444"
          },
          {
            "z": "(OCoLC)1063575941"
          },
          {
            "z": "(OCoLC)1179456905"
          },
          {
            "z": "(OCoLC)1184225364"
          }
        ]
      }
    },
    {
      "037": {
        "ind1": "\\",
        "ind2": "\\",
        "subfields": [
          {
            "b": "University of Chicago Press, 11030 S. Langley Ave., Chicago, Ill. 60628"
          }
        ]
      }
    },
    {
      "041": {
        "ind1": "0",
        "ind2": "\\",
        "subfields": [
          {
            "a": "eng"
          },
          {
            "b": "eng"
          }
        ]
      }
    },
    {
      "042": {
        "ind1": "\\",
        "ind2": "\\",
        "subfields": [
          {
            "a": "pcc"
          },
          {
            "a": "nsdp"
          }
        ]
      }
    },
    {
      "050": {
        "ind1": "0",
        "ind2": "0",
        "subfields": [
          {
            "a": "RC110"
          },
          {
            "b": ".R47"
          }
        ]
      }
    },
    {
      "060": {
        "ind1": "0",
        "ind2": "0",
        "subfields": [
          {
            "a": "W1"
          },
          {
            "b": "RE257DG"
          }
        ]
      }
    },
    {
      "082": {
        "ind1": "0",
        "ind2": "4",
        "subfields": [
          {
            "a": "616"
          },
          {
            "b": "REV"
          }
        ]
      }
    },
    {
      "210": {
        "ind1": "0",
        "ind2": "\\",
        "subfields": [
          {
            "a": "Rev. infect. dis."
          }
        ]
      }
    },
    {
      "222": {
        "ind1": "\\",
        "ind2": "0",
        "subfields": [
          {
            "a": "Reviews of infectious diseases"
          }
        ]
      }
    },
    {
      "245": {
        "ind1": "0",
        "ind2": "0",
        "subfields": [
          {
            "a": "Reviews of infectious diseases."
          }
        ]
      }
    },
    {
      "260": {
        "ind1": "\\",
        "ind2": "\\",
        "subfields": [
          {
            "a": "[Chicago] :"
          },
          {
            "b": "[University of Chicago Press],"
          },
          {
            "c": "1979-1991."
          }
        ]
      }
    },
    {
      "300": {
        "ind1": "\\",
        "ind2": "\\",
        "subfields": [
          {
            "a": "13 volumes :"
          },
          {
            "b": "illustrations ;"
          },
          {
            "c": "28 cm"
          }
        ]
      }
    },
    {
      "310": {
        "ind1": "\\",
        "ind2": "\\",
        "subfields": [
          {
            "a": "Bimonthly"
          }
        ]
      }
    },
    {
      "336": {
        "ind1": "\\",
        "ind2": "\\",
        "subfields": [
          {
            "a": "text"
          },
          {
            "b": "txt"
          },
          {
            "2": "rdacontent"
          }
        ]
      }
    },
    {
      "337": {
        "ind1": "\\",
        "ind2": "\\",
        "subfields": [
          {
            "a": "unmediated"
          },
          {
            "b": "n"
          },
          {
            "2": "rdamedia"
          }
        ]
      }
    },
    {
      "338": {
        "ind1": "\\",
        "ind2": "\\",
        "subfields": [
          {
            "a": "volume"
          },
          {
            "b": "nc"
          },
          {
            "2": "rdacarrier"
          }
        ]
      }
    },
    {
      "362": {
        "ind1": "0",
        "ind2": "\\",
        "subfields": [
          {
            "a": "v. 1-13; Jan./Feb. 1979-Nov./Dec. 1991."
          }
        ]
      }
    },
    {
      "510": {
        "ind1": "2",
        "ind2": "\\",
        "subfields": [
          {
            "a": "Chemical abstracts"
          },
          {
            "x": "0009-2258"
          },
          {
            "b": "1979-1991"
          }
        ]
      }
    },
    {
      "525": {
        "ind1": "\\",
        "ind2": "\\",
        "subfields": [
          {
            "a": "Has supplements."
          }
        ]
      }
    },
    {
      "550": {
        "ind1": "\\",
        "ind2": "\\",
        "subfields": [
          {
            "a": "Official publication of the Infectious Diseases Society of America."
          }
        ]
      }
    },
    {
      "650": {
        "ind1": "\\",
        "ind2": "0",
        "subfields": [
          {
            "a": "Communicable diseases"
          },
          {
            "v": "Periodicals."
          }
        ]
      }
    },
    {
      "650": {
        "ind1": "\\",
        "ind2": "0",
        "subfields": [
          {
            "a": "Communicable diseases"
          },
          {
            "x": "Research"
          },
          {
            "v": "Periodicals."
          }
        ]
      }
    },
    {
      "650": {
        "ind1": "\\",
        "ind2": "7",
        "subfields": [
          {
            "a": "Communicable diseases."
          },
          {
            "2": "fast"
          },
          {
            "0": "(OCoLC)fst00869883"
          }
        ]
      }
    },
    {
      "650": {
        "ind1": "\\",
        "ind2": "7",
        "subfields": [
          {
            "a": "Communicable diseases"
          },
          {
            "x": "Research."
          },
          {
            "2": "fast"
          },
          {
            "0": "(OCoLC)fst00869917"
          }
        ]
      }
    },
    {
      "650": {
        "ind1": "\\",
        "ind2": "2",
        "subfields": [
          {
            "a": "Communicable Diseases."
          }
        ]
      }
    },
    {
      "655": {
        "ind1": "\\",
        "ind2": "0",
        "subfields": [
          {
            "a": "Electronic journals."
          }
        ]
      }
    },
    {
      "655": {
        "ind1": "\\",
        "ind2": "7",
        "subfields": [
          {
            "a": "Periodicals."
          },
          {
            "2": "fast"
          },
          {
            "0": "(OCoLC)fst01411641"
          }
        ]
      }
    },
    {
      "655": {
        "ind1": "\\",
        "ind2": "7",
        "subfields": [
          {
            "a": "Periodicals."
          },
          {
            "2": "lcgft"
          }
        ]
      }
    },
    {
      "655": {
        "ind1": "\\",
        "ind2": "2",
        "subfields": [
          {
            "a": "Periodical."
          }
        ]
      }
    },
    {
      "710": {
        "ind1": "2",
        "ind2": "\\",
        "subfields": [
          {
            "a": "Infectious Diseases Society of America."
          }
        ]
      }
    },
    {
      "776": {
        "ind1": "0",
        "ind2": "8",
        "subfields": [
          {
            "i": "Online version:"
          },
          {
            "t": "Reviews of infectious diseases (Online)"
          },
          {
            "w": "(DLC)  2008242189"
          },
          {
            "w": "(OCoLC)60618413"
          }
        ]
      }
    },
    {
      "785": {
        "ind1": "0",
        "ind2": "0",
        "subfields": [
          {
            "t": "Clinical infectious diseases"
          },
          {
            "x": "1058-4838"
          },
          {
            "w": "(DLC)   92640533"
          },
          {
            "w": "(OCoLC)24308833"
          }
        ]
      }
    },
    {
      "850": {
        "ind1": "\\",
        "ind2": "\\",
        "subfields": [
          {
            "a": "AAP"
          },
          {
            "a": "AU"
          },
          {
            "a": "ArU-M"
          },
          {
            "a": "AzTeS"
          },
          {
            "a": "CSt-L"
          },
          {
            "a": "CU-AM"
          },
          {
            "a": "CU-RivA"
          },
          {
            "a": "CU-SB"
          },
          {
            "a": "CaAEU"
          },
          {
            "a": "CaOTCL"
          },
          {
            "a": "CaOTU"
          },
          {
            "a": "CaQMMM"
          },
          {
            "a": "CaQMU"
          },
          {
            "a": "CaQMaC"
          },
          {
            "a": "CaSSU"
          },
          {
            "a": "CoFS"
          },
          {
            "a": "CtY-M"
          },
          {
            "a": "DLC"
          },
          {
            "a": "FU-HC"
          },
          {
            "a": "INS"
          },
          {
            "a": "IU-M"
          },
          {
            "a": "IaAS"
          },
          {
            "a": "InU"
          },
          {
            "a": "InU-M"
          },
          {
            "a": "KMK"
          },
          {
            "a": "MBCo"
          },
          {
            "a": "MBU"
          },
          {
            "a": "MdU"
          },
          {
            "a": "MdU-H"
          },
          {
            "a": "MiU"
          },
          {
            "a": "MsSM"
          },
          {
            "a": "NNStJ"
          },
          {
            "a": "NbU-M"
          },
          {
            "a": "NcRS"
          },
          {
            "a": "NhD-D"
          },
          {
            "a": "NhU"
          },
          {
            "a": "NjR"
          },
          {
            "a": "OU"
          },
          {
            "a": "PPiU"
          },
          {
            "a": "PU-Med"
          },
          {
            "a": "RPB-S"
          },
          {
            "a": "TNJ-M"
          },
          {
            "a": "TU"
          },
          {
            "a": "TxDaM"
          },
          {
            "a": "TxU"
          },
          {
            "a": "UPB"
          },
          {
            "a": "WaU"
          },
          {
            "a": "WyU"
          }
        ]
      }
    },
    {
      "994": {
        "ind1": "\\",
        "ind2": "\\",
        "subfields": [
          {
            "a": "Z0"
          },
          {
            "b": "NYRVC"
          }
        ]
      }
    },
    {
      "948": {
        "ind1": "\\",
        "ind2": "\\",
        "subfields": [
          {
            "h": "NO HOLDINGS IN NYRVC - 489 OTHER HOLDINGS"
          }
        ]
      }
    },
    {
      "999": {
        "ind1": "\\",
        "ind2": "\\",
        "subfields": [
          {
            "a": "00000000012231"
          },
          {
            "v": "May-June 1991 Volume 13 Supplement 6"
          }
        ]
      }
    }
  ]
}